<record><leader>00000cas a22000007a 4500</leader><controlfield tag="001">12823792</controlfield><controlfield tag="008">851120d18721873ohuwr ne      0    0eng d</controlfield><datafield ind1=" " ind2=" " tag="010"><subfield code="a">sn 85034409 </subfield></datafield><datafield ind1=" " ind2=" " tag="040"><subfield code="a">NPU</subfield><subfield code="b">eng</subfield><subfield code="c">NPU</subfield><subfield code="d">ONP</subfield><subfield code="d">OCLCQ</subfield></datafield><datafield ind1=" " ind2=" " tag="042"><subfield code="a">msc</subfield></datafield><datafield ind1="0" ind2=" " tag="130"><subfield code="a">Belleville dollar weekly (Bellville, Ohio : 1872)</subfield></datafield><datafield ind1="1" ind2="0" tag="245"><subfield code="a">Belleville dollar weekly.</subfield></datafield><datafield ind1=" " ind2=" " tag="260"><subfield code="a">Belleville, Richland Co., O. [Ohio] :</subfield><subfield code="b">J.C. Potts &amp; Thos. Faus,</subfield><subfield code="c">1872-1873.</subfield></datafield><datafield ind1=" " ind2=" " tag="300"><subfield code="a">v.</subfield></datafield><datafield ind1=" " ind2=" " tag="310"><subfield code="a">Weekly</subfield></datafield><datafield ind1="0" ind2=" " tag="362"><subfield code="a">Vol. 1, no. 1 (Mar. 1, 1872)-v. 2, no. 29 (Sept. 19, 1873).</subfield></datafield><datafield ind1=" " ind2="4" tag="651"><subfield code="a">Bellville (Ohio)</subfield><subfield code="v">Newspapers.</subfield></datafield><datafield ind1=" " ind2="4" tag="651"><subfield code="a">Richland County (Ohio)</subfield><subfield code="v">Newspapers.</subfield></datafield><datafield ind1=" " ind2=" " tag="752"><subfield code="a">United States</subfield><subfield code="b">Ohio</subfield><subfield code="c">Richland</subfield><subfield code="d">Bellville.</subfield></datafield><datafield ind1="0" ind2="0" tag="785"><subfield code="t">Bellville weekly</subfield><subfield code="w">(DLC)sn 88078562</subfield></datafield><datafield ind1="1" ind2=" " tag="029"><subfield code="a">AU@</subfield><subfield code="b">000024693227</subfield></datafield></record>